<?xml version="1.0" encoding="UTF-8"?><collection xmlns="http://www.loc.gov/MARC21/slim"><record><leader>00375nam--2200157-i-4500</leader><controlfield tag="001">000021515</controlfield><controlfield tag="002">20161230</controlfield><controlfield tag="005">20161230201034</controlfield><controlfield tag="008">060222s1000------------r-----000-0-eng-d</controlfield><datafield ind1=" " ind2=" " tag="040"><subfield code="a">IFIN-HH</subfield></datafield><datafield ind1="1" ind2=" " tag="100"><subfield code="a">Huntley, H.E</subfield></datafield><datafield ind1="1" ind2="0" tag="245"><subfield code="a">Dimensional analysis</subfield></datafield><datafield ind1=" " ind2=" " tag="260"><subfield code="a">London, Mac Donald, 1952,</subfield></datafield><datafield ind1=" " ind2=" " tag="300"><subfield code="a">IX + 158 P</subfield></datafield><datafield ind1=" " ind2=" " tag="852"><subfield code="a">12113</subfield><subfield code="c">531.7</subfield></datafield><datafield ind1=" " ind2=" " tag="CAT"><subfield code="a">Sys</subfield><subfield code="c">20100709</subfield><subfield code="h">094504</subfield></datafield></record></collection>